@ARTICLE{He,
   author = {{He}, K. and {Zhang}, X. and {Ren}, S. and {Sun}, J.},
    title = "{Deep Residual Learning for Image Recognition}",
  journal = {ArXiv e-prints},
archivePrefix = "arXiv",
   eprint = {1512.03385},
 primaryClass = "cs.CV",
 keywords = {Computer Science - Computer Vision and Pattern Recognition},
     year = 2015,
    month = dec,
   adsurl = {http://adsabs.harvard.edu/abs/2015arXiv151203385H},
  adsnote = {Provided by the SAO/NASA Astrophysics Data System}
}

@ARTICLE{Lu,
   author = {{Lu}, Y. and {Zhong}, A. and {Li}, Q. and {Dong}, B.},
    title = "{Beyond Finite Layer Neural Networks: Bridging Deep Architectures and Numerical Differential Equations}",
  journal = {ArXiv e-prints},
archivePrefix = "arXiv",
   eprint = {1710.10121},
 primaryClass = "cs.CV",
 keywords = {Computer Science - Computer Vision and Pattern Recognition, Computer Science - Learning, Statistics - Machine Learning},
     year = 2017,
    month = oct,
   adsurl = {http://adsabs.harvard.edu/abs/2017arXiv171010121L},
  adsnote = {Provided by the SAO/NASA Astrophysics Data System}
}

